@online{haskelldesignreport,
    author      = {Simon Peyton Jones (editor)},
    title       = {Haskell 98 Language and Libraries},
    year        = {2003},
    url    	    = {https://www.haskell.org/definition/haskell98-report.pdf},
    shorthand   = {Hask03},
    urldate     = {2020-10-10}
}
@online{mietek:2020:minimal,
    author      = {mietek and tomjack},
    title       = {Minimal.agda},
    year        = {2020},
    url         = {https://gist.github.com/mietek/57e40abc2d4d93b7747b2284bb346569},
    shorthand   = {Dep20},
    urldate     = {2020-10-10}
}
@online{laarhoven:2013:correctness-sorting,
    author      = {Twan van Laarhoven},
    title       = {The Complete Correctness of Sorting},
    year        = {2013},
    url         = {https://www.twanvl.nl/blog/agda/sorting},
    urldate     = {2020-10-10}
}
@article{units-in-r,
    author      = {Edzer Pebesma and Thomas Mailund and James Hiebert},
    title       = {Measurement Units in R},
    journal     = {The R Journal},
    volume      = {8},
    number      = {2},
    year        = {2016},
    pages       = {486--494}
}
@article{matsakis2014rust,
    title       = {The Rust Language},
    author      = {Nicholas D Matsakis and Felix S Klock},
    journal     = {ACM SIGAda Ada Letters},
    volume      = {34},
    number      = {3},
    year        = {2014},
    publisher   = {ACM New York, NY, USA},
    doi         = {https://doi.org/10.1145/2692956.2663188}
}
@article{walker2005substructural,
    title       = {Substructural type systems},
    author      = {David Walker},
    journal     = {Advanced Topics in Types and Programming Languages},
    year        = {2005},
    publisher   = {The MIT Press}
}
@article{howard1969formulaeastypes,
    title       = {The Formulae-As-Types Notion of Construction},
    author      = {William A. Howard},
    year        = {1969}
}
@article{curry1934functionality,
    title       = {Functionality in Combinatory Logic},
    author      = {Haskell B Curry},
    journal     = {Proceedings of the National Academy of Sciences of the United States of America},
    volume      = {20},
    number      = {11},
    year        = {1934},
    publisher   = {National Academy of Sciences},
    doi         = {https://dx.doi.org/10.1073%2Fpnas.20.11.584}
}
@phdthesis{norell:thesis,
    author      = {Ulf Norell},
    title       = {Towards a Practical Programming Language Based on Dependent Type Theory},
    school      = {Department of Computer Science and Engineering, Chalmers University of Technology},
    year        = 2007,
    address     = {SE-412 96 G\"{o}teborg, Sweden}
}
@article{danielsson:2008:time-complexity-analysis,
    author      = {Nils Anders Danielsson},
    title       = {Lightweight Semiformal Time Complexity Analysis for Purely Functional Data Structures},
    year        = {2008},
    issue_date  = {January 2008},
    publisher   = {Association for Computing Machinery},
    address     = {New York, NY, USA},
    volume      = {43},
    doi         = {10.1145/1328897.1328457},
    journal     = {SIGPLAN Not.},
    pages       = {133–144},
    keywords = {dependent types, purely functional data structures, amortised time complexity, lazy evaluation}
}
@InProceedings{nipkow:2017:verified-root-balanced-trees,
    author      = {Tobias Nipkow},
    title       = {Verified Root-Balanced Trees},
    booktitle   = {Asian Symposium on Programming Languages and Systems, APLAS 2017},
    pages       = {255--272},
    series      = {LNCS},
    year        = {2017},
    volume      = {10695},
    editor      = {Bor-Yuh Evan Chang},
    publisher   = {Springer},
}
@article{abel:2002:predicative-analysis-structural-recursion,
    author      = {Andreas Abel and Thorsten Altenkirch},
    title       = {A Predicative Analysis of Structural Recursion},
    year        = {2002},
    publisher   = {Cambridge University Press},
    doi         = {10.1017/S0956796801004191},
    journal     = {J. Funct. Program.}
}
@article{hoare:1961:quickselect,
    author      = {C. A. R. Hoare},
    title       = {Algorithm 65: Find},
    year        = {1961},
    publisher   = {Association for Computing Machinery},
    url         = {https://doi.org/10.1145/366622.366647},
    doi         = {10.1145/366622.366647},
    journal     = {Communications of the ACM},
    pages       = {321–322}
}
@InProceedings{brady:2006:programsize,
    author      = {E. Brady and K. Hammond},
    title       = {A Dependently Typed Framework for Static Analysis of Program Execution Costs},
    booktitle   = {Implementation and Application of Functional Languages},
    year        = {2006},
    publisher   = {Springer Berlin Heidelberg},
    pages       = {74--90},
    doi         = {10.1007/11964681_5}
}
@inproceedings{liqatetal:2013:energyconsumption,
    author      = {U. Liqat and S. Kerrison and A. Serrano and K. Georgiou and P. López-García and N. Grech and M. V. Hermenegildo, and K. Eder},
    year        = {2013},
    title       = {Energy Consumption Analysis of Programs based on XMOS ISA-Level Models},
    doi         = {10.1007/978-3-319-14125-1_5},
    booktitle   = {Logic-Based Program Synthesis and Transformation}
}
@inproceedings{nipkow:2015:amortizedverified,
    author      = {T. Nipkow},
    year        = {2015},
    pages       = {310-324},
    title       = {Amortized Complexity Verified},
    doi         = {10.1007/978-3-319-22102-1_21},
    booktitle   = {International Conference on Interactive Theorem Proving}
}
@inproceedings{tarjan:1985:amortizedcc,
    title       = {Amortized Computational Complexity},
    author      = {R. Tarjan},
    year        = {1985}
}
@article{vuillemin:1978:binheaps,
    author      = {J. Vuillemin},
    title       = {A Data Structure for Manipulating Priority Queues},
    year        = {1978},
    publisher   = {Association for Computing Machinery},
    volume      = {21},
    number      = {4},
    url         = {https://doi.org/10.1145/359460.359478},
    doi         = {10.1145/359460.359478},
    journal     = {Commun. ACM},
    pages       = {309–315},
}
@article{barendregt:1991:lambdacube,
    title       = {Introduction to Generalized Type Systems},
    volume      = {1},
    doi         = {10.1017/S0956796800020025},
    number      = {2},
    journal     = {Journal of Functional Programming},
    publisher   = {Cambridge University Press},
    author      = {H. Barendregt},
    year        = {1991},
    pages       = {125–154}
}
@article{wadler:2015:propositions,
    title       = {Propositions as Types},
    author      = {P. Wadler},
    journal     = {Communications of the ACM},
    volume      = {58},
    number      = {12},
    pages       = {75--84},
    year        = {2015},
    publisher   = {ACM New York, NY, USA},
    doi         = {10.1145/2699407},
    url         = {http://dx.doi.org/10.1145/2699407}
}
@book{okasaki:1998:purelyfunctionaldatastructures,
    title       = {Purely Functional Data Structures},
    doi         = {10.1017/CBO9780511530104},
    publisher   = {Cambridge University Press},
    author      = {C. Okasaki},
    year        = {1998}
}
@inproceedings{allais:2019:polymorphic-nary-functions,
    author      = {G. Allais},
    title       = {Generic Level Polymorphic N-Ary Functions},
    year        = {2019},
    isbn        = {9781450368155},
    publisher   = {Association for Computing Machinery},
    url         = {https://doi.org/10.1145/3331554.3342604},
    doi         = {10.1145/3331554.3342604},
    booktitle   = {Proceedings of the 4th ACM SIGPLAN International Workshop on Type-Driven Development},
    pages       = {14–26},
}
@article{girard:1972:interpretation-fonctionelle,
    author      = {J.-Y. Girard},
    title       = {Interpretation fonctionnelle et elimination des coupures de l'arithmetique d'ordre superieur},
    journal     = {PhD thesis, University of Paris VII},
    year        = {1972},
    url         = {https://ci.nii.ac.jp/naid/20001175757/en/},
}
